@article{bayesnet,
    author =        "Kevin Murphy",
    title =         "The Bayes Net Toolbox for Matlab",
    journal =       "Computing Science and Statistics: Proceedings of the Interface",
    year =          "2001"
    pages =         "Appendicies"
}
@article{einstein,
  author =       "Albert Einstein",
  title =        "{Zur Elektrodynamik bewegter K{\"o}rper}. ({German})
                 [{On} the electrodynamics of moving bodies]",
  journal =      "Annalen der Physik",
  volume =       "322",
  number =       "10",
  pages =        "891--921",
  year =         "1905",
  DOI =          "http://dx.doi.org/10.1002/andp.19053221004"
}
